
% matrix market
@inproceedings{Boisvert:1997:MMW:265834.265854,
 author = {Boisvert, Ronald F. and Pozo, Roldan and Remington, Karin and Barrett, Richard F. and Dongarra, Jack J.},
 title = {Matrix Market: A Web Resource for Test Matrix Collections},
 booktitle = {Proceedings of the IFIP TC2/WG2.5 Working Conference on Quality of Numerical Software: Assessment and Enhancement},
 year = {1997},
 isbn = {0-412-80530-8},
 location = {Oxford, United Kingdom},
 pages = {125--137},
 numpages = {13},
 url = {http://dl.acm.org/citation.cfm?id=265834.265854},
 acmid = {265854},
 publisher = {Chapman \& Hall, Ltd.},
 address = {London, UK, UK},
 keywords = {World Wide Web, mathematical software, numerical linear algebra, reference data, sparse matrices, test corpora, testing and evaluation},
} 


@book{schreiner1994objektorientierte,
  title={Objektorientierte Programmierung mit ANSI C},
  author={Schreiner, A.T.},
  isbn={9783446174269},
  url={http://books.google.cz/books?id=sgA2AAAACAAJ},
  year={1994},
  publisher={Hanser}
}

@book{beck2003test,
  title={Test-driven Development: By Example},
  author={Beck, K.},
  isbn={9780321146533},
  lccn={2002028037},
  series={Kent Beck signature book},
  url={http://books.google.cz/books?id=CUlsAQAAQBAJ},
  year={2003},
  publisher={Addison-Wesley}
}


%%%%%%%%%%%%%%%%%%%%%%%%%%%%55555

@inproceedings{JA_SNA_08_QUAD,
author = {{\v S}ime{\v c}ek, I.},
title = {{Sparse Matrix Computations with Quadtrees}},
booktitle = {{Seminar on Numerical Analysis}},
publisher = {Technical University},
address = {Liberec},
year = {2008},
pages = {122--124},
ISBN = {978-80-7372-298-2}
}

@MANUAL{qdtsf,
    title = "A Quadtree Based Storage Format and Effective Multiplication Algorithm for Sparse Matrix {[online]}",
    url = "http://quardtree.sourceforge.net/",
    note = "[cit. 2014-04-27]",
}

%%%%%%%%%%%%%%%%%%%%%%%%%%%%%%%

% https://eprint.iacr.org/2013/107.pdf
@article{DBLP:journals/iacr/CenkH13,
  author    = {Murat Cenk and
               M. Anwar Hasan},
  title     = {On the Arithmetic Complexity of Strassen-Like Matrix Multiplications},
  journal   = {IACR Cryptology ePrint Archive},
  volume    = {2013},
  year      = {2013},
  pages     = {107},
  ee        = {http://eprint.iacr.org/2013/107},
  bibsource = {DBLP, http://dblp.uni-trier.de}
}


@MISC{diagonalTvrdikSimecek,
    author = {Pavel Tvrdík and Ivan Šimeček},
    title = {A new diagonal blocking format and model of cache behavior for sparse matrices},
    year = {}
}

% http://www.cs.umd.edu/~gasarch/TOPICS/ramsey/matrixmult.pdf
@article{DBLP:journals/jsc/CoppersmithW90,
  author    = {Don Coppersmith and
               Shmuel Winograd},
  title     = {Matrix Multiplication via Arithmetic Progressions},
  journal   = {J. Symb. Comput.},
  volume    = {9},
  number    = {3},
  year      = {1990},
  pages     = {251-280},
  ee        = {http://dx.doi.org/10.1016/S0747-7171(08)80013-2},
  bibsource = {DBLP, http://dblp.uni-trier.de}
}

% http://www.cs.tau.ac.il/~zwick/papers/sparse.pdf
@article{DBLP:journals/talg/YusterZ05,
  author    = {Raphael Yuster and
               Uri Zwick},
  title     = {Fast sparse matrix multiplication},
  journal   = {ACM Transactions on Algorithms},
  volume    = {1},
  number    = {1},
  year      = {2005},
  pages     = {2-13},
  ee        = {http://doi.acm.org/10.1145/1077464.1077466},
  bibsource = {DBLP, http://dblp.uni-trier.de}
}


% http://www.maths.ed.ac.uk/pg/thesis/stothers.pdf
@mastersthesis{complexityMM ,
    author    = "Andrew James Stothers",
    title     = "On the Complexity of Matrix Multiplication",
    school    = "University of Edinburgh",
    type     = "diploma thesis",
    address  = "",
    year      = "2010",
    month    = "",
    note     = "",
}

% http://citeseerx.ist.psu.edu/viewdoc/download?doi=10.1.1.228.9947&rep=rep1&type=pdf
@ARTICLE{BreakigCWB,
	AUTHOR       = "Virginia Vassilevska Williams",
	TITLE        = "Breaking the Coppersmith-Winograd barrier",
	JOURNAL      = "",
	YEAR         = "2011",
	VOLUME       = "",
	NUMBER       = "",
	PAGES        = "",
	MONTH        = "",
	NOTE         = ""
}

%%%%%%%%%%%%%%%%%%%%%%%%%%%%%%%%%%%%%%%%%%%%%%%%%%%%%%%%%%%%%%%%%%%%%%%%%%%

% http://theory.stanford.edu/~virgi/matrixmult-f.pdf
@ARTICLE{mulFasterThanCW,
	AUTHOR       = "Virginia Vassilevska Williams",
	TITLE        = "Multiplying matrices faster than Coppersmith-Winograd",
	JOURNAL      = "",
	YEAR         = "2012",
	VOLUME       = "",
	NUMBER       = "",
	PAGES        = "",
	MONTH        = "",
	NOTE         = ""
}

@inproceedings{DBLP:conf/stoc/Williams12,
  author    = {Virginia Vassilevska Williams},
  title     = {Multiplying matrices faster than coppersmith-winograd},
  booktitle = {STOC},
  year      = {2012},
  pages     = {887-898},
  ee        = {http://doi.acm.org/10.1145/2213977.2214056},
  crossref  = {DBLP:conf/stoc/2012},
  bibsource = {DBLP, http://dblp.uni-trier.de}
}
@proceedings{DBLP:conf/stoc/2012,
  editor    = {Howard J. Karloff and
               Toniann Pitassi},
  title     = {Proceedings of the 44th Symposium on Theory of Computing
               Conference, STOC 2012, New York, NY, USA, May 19 - 22, 2012},
  booktitle = {STOC},
  publisher = {ACM},
  year      = {2012},
  isbn      = {978-1-4503-1245-5},
  ee        = {http://dl.acm.org/citation.cfm?id=2213977},
  bibsource = {DBLP, http://dblp.uni-trier.de}
}

%%%%%%%%%%%%%%%%%%%%%%%%%%%%%%%%%%%%%%%%%%%%%%%%%%%%%%%%%%%%%%%%%%%%%%%%%%%

@ARTICLE{GEMnO,
	AUTHOR       = "Volker Strassen",
	TITLE        = "Gaussian Elimination is not Optimal",
	JOURNAL      = "Numerische Mathematik",
	YEAR         = "1967",
	VOLUME       = "13",
	NUMBER       = "4",
	PAGES        = "354--355",
	MONTH        = "Prosinec",
	NOTE         = ""
}

@ARTICLE{StrNat,
	AUTHOR       = "Ann Q. Gates and Vladik Kreinovich",
	TITLE        = "Strassen's Algorithm Made (Somewhat) More Natural: A Pedagogical Remark",
	JOURNAL      = "Bulletin of the European Association for Theoretical Computer Science (EATCS)",
	YEAR         = "2001",
	VOLUME       = "73",
	NUMBER       = "",
	PAGES        = "142--145",
	MONTH        = "",
	NOTE         = ""
}


@MANUAL{svgspec,
    title = "Scalable Vector Graphics (SVG) 1.1 Specification {[online]}",
    organization = "WWW Consorcium",
    url = "http://www.w3.org/TR/2003/REC-SVG11-20030114/",
    note = "[cit. 2011-07-07]",
    key = "svg"
}

@BOOK{kobltypo,
	title = "Praktick{\' a} typografie",
	author = "Pavel Ko{\v c}i{\v c}ka and Filip Bla{\v z}ek",
	publisher = "Brno: Computer Press",
	year = "2004"
}

@BOOK{rybicka,
	title = "LaTeX pro za\v c\'ate\v cn\'\i{}ky",
	author = "Ji{\v r}{\' i} Rybi{\v c}ka",
	isbn = "80-7302-049-1",
	publisher = "Brno: Konvoj",
	edition = "3"
}

@MANUAL{iso690,
	organization = "\'U\v rad pro technickou normalizaci, metrologii a st\'atn\'\i{} zku\v sebnictv\'\i{}",
	title = "\v CSN ISO 690 Informace a dokumentace -- Pravidla pro bibliografick\'e odkazy a citace informa\v cn\'\i{}ch zdroj{\r u}",
	year = "2011"
}
